<?xml version="1.0" encoding="UTF-8"?><record xmlns="http://www.loc.gov/MARC21/slim" xmlns:cinclude="http://apache.org/cocoon/include/1.0" xmlns:zs="http://www.loc.gov/zing/srw/">
  <leader>00882cz  a2200157n  4500</leader>
  <controlfield tag="001">no 97037900 </controlfield>
  <controlfield tag="003">DLC</controlfield>
  <controlfield tag="005">20120810085342.0</controlfield>
  <controlfield tag="008">970620n| acannaab           |a ana     c</controlfield>
  <datafield tag="010" ind1=" " ind2=" ">
    <subfield code="a">no 97037900 </subfield>
  </datafield>
  <datafield tag="035" ind1=" " ind2=" ">
    <subfield code="a">(OCoLC)oca04369698</subfield>
  </datafield>
  <datafield tag="040" ind1=" " ind2=" ">
    <subfield code="a">TxU</subfield>
    <subfield code="b">eng</subfield>
    <subfield code="c">TxU</subfield>
    <subfield code="d">DLC</subfield>
  </datafield>
  <datafield tag="111" ind1="2" ind2=" ">
    <subfield code="a">Encontro Internacional de Direito da América do Sul</subfield>
  </datafield>
  <datafield tag="411" ind1="2" ind2=" ">
    <subfield code="a">Encuentro Internacional de Derecho de América del Sur</subfield>
  </datafield>
  <datafield tag="667" ind1=" " ind2=" ">
    <subfield code="a">THIS 1XX FIELD CANNOT BE USED UNDER RDA UNTIL THIS RECORD HAS BEEN REVIEWED AND/OR UPDATED</subfield>
  </datafield>
  <datafield tag="670" ind1=" " ind2=" ">
    <subfield code="a">A integração rumo ao século XXI, 1996:</subfield>
    <subfield code="b">t.p. (V Encontro Internacional de Direito da América do Sul) p. 7 (Encuentro Internacional de Derecho de América del Sur) p. 649 (has been meeting for 5 yrs; originated in Brazil, with first 2 mtgs. held there; 3rd mtg. held in Asunción, 4th in Montevideo, 5th in Buenos Aires, and 6th scheduled for Santiago, Chile)</subfield>
  </datafield>
</record>